@inproceedings{LapSRN,
    author    = {Lai, Wei-Sheng and Huang, Jia-Bin and Ahuja, Narendra and Yang, Ming-Hsuan}, 
    title     = {Deep Laplacian Pyramid Networks for Fast and Accurate Super-Resolution}, 
    booktitle = {IEEE Conferene on Computer Vision and Pattern Recognition},
    year      = {2017}
}